<?xml version="1.0" encoding="UTF-8"?><collection xmlns="http://www.loc.gov/MARC21/slim"><record><leader>00628nam--2200205-u-4500</leader><controlfield tag="001">000055326</controlfield><controlfield tag="002">20161230</controlfield><controlfield tag="005">20161230201052</controlfield><controlfield tag="008">130121s1000------------r-----000-0-fre-d</controlfield><datafield ind1=" " ind2=" " tag="040"><subfield code="a">IFIN-HH</subfield></datafield><datafield ind1=" " ind2=" " tag="041"><subfield code="a">fre</subfield></datafield><datafield ind1=" " ind2=" " tag="080"><subfield code="a">015:539.3</subfield></datafield><datafield ind1="1" ind2=" " tag="100"><subfield code="a">Delorme, J.F</subfield></datafield><datafield ind1="1" ind2="0" tag="245"><subfield code="a">Frottement interieur et microdeformation dans les transformations martensitiques</subfield><subfield code="b">Colloque c2, supplement au no 7, tome 32</subfield><subfield code="c">J.f. delorme, r. schmid, m. robin, p. gobin</subfield></datafield><datafield ind1=" " ind2=" " tag="260"><subfield code="a">Lyon</subfield><subfield code="b">Laboratoire</subfield><subfield code="c">1971</subfield></datafield><datafield ind1=" " ind2=" " tag="300"><subfield code="a">C2101-C2111</subfield></datafield><datafield ind1=" " ind2=" " tag="490"><subfield code="a">Journal De Physique</subfield></datafield><datafield ind1="1" ind2=" " tag="700"><subfield code="a">Gobin, P</subfield></datafield><datafield ind1=" " ind2=" " tag="852"><subfield code="a">38155</subfield><subfield code="c">539.3</subfield></datafield><datafield ind1=" " ind2=" " tag="CAT"><subfield code="a">Sys</subfield><subfield code="c">20130121</subfield><subfield code="h">130333</subfield></datafield></record></collection>